@article{originalpaper,
  title={Twistor theory: an approach to the quantisation of fields and space-time},
  author={Penrose, Roger and MacCallum, Malcolm AH},
  journal={Physics Reports},
  volume={6},
  number={4},
  pages={241--315},
  year={1973},
  publisher={Elsevier}
}

@article{weylrep1998,
  title={The Weyl representation in classical and quantum mechanics},
  author={De Almeida, Alfredo M Ozorio},
  journal={Physics reports},
  volume={295},
  number={6},
  pages={265--342},
  year={1998},
  publisher={Elsevier}
}

@book{textbookbecker,
  title={String theory and M-theory: A modern introduction},
  author={Becker, Katrin and Becker, Melanie and Schwarz, John H},
  year={2006},
  publisher={Cambridge university press}
}

@book{road,
  title={The road to reality},
  author={Penrose, Roger},
  year={2006},
  publisher={Random house}
}

@article{esposito2002twistor,
  title={Twistor spaces},
  author={Esposito, Giampiero},
  journal={Complex General Relativity},
  pages={43--60},
  year={2002},
  publisher={Springer}
}

@article{adamo2017lectures,
  title={Lectures on twistor theory},
  author={Adamo, Tim},
  journal={arXiv preprint arXiv:1712.02196},
  year={2017}
}

@article{sattinger2013maxwell,
  title={Maxwell's Equations, Hodge Theory, and Gravitation},
  author={Sattinger, DH},
  journal={arXiv preprint arXiv:1305.6874},
  year={2013}
}

@book{schwartz2014quantum,
  title={Quantum field theory and the standard model},
  author={Schwartz, Matthew D},
  year={2014},
  publisher={Cambridge university press}
}

@book{ballmann2006lectures,
  title={Lectures on K{\"a}hler manifolds},
  author={Ballmann, Werner},
  volume={2},
  year={2006},
  publisher={European mathematical society}
}

@article{radon1986determination,
  title={On the determination of functions from their integral values along certain manifolds},
  author={Radon, Johann},
  journal={IEEE transactions on medical imaging},
  volume={5},
  number={4},
  pages={170--176},
  year={1986},
  publisher={IEEE}
}

@article{casali2015new,
  title={New ambitwistor string theories},
  author={Casali, Eduardo and Geyer, Yvonne and Mason, Lionel and Monteiro, Ricardo and Roehrig, Kai A},
  journal={Journal of High Energy Physics},
  volume={2015},
  number={11},
  pages={1--29},
  year={2015},
  publisher={Springer}
}

@article{geyer2014ambitwistor,
  title={Ambitwistor strings in four dimensions},
  author={Geyer, Yvonne and Lipstein, Arthur E and Mason, Lionel},
  journal={Physical review letters},
  volume={113},
  number={8},
  pages={081602},
  year={2014},
  publisher={APS}
}

@inproceedings{eastwood1985generalized,
  title={The generalized Penrose-Ward transform},
  author={Eastwood, Michael G},
  booktitle={Mathematical Proceedings of the Cambridge Philosophical Society},
  volume={97},
  number={1},
  pages={165--187},
  year={1985},
  organization={Cambridge University Press}
}

@article{eastwood1981cohomology,
  title={Cohomology and massless fields},
  author={Eastwood, Michael G and Penrose, Roger and Wells, RO},
  journal={Commun. Math. Phys},
  volume={78},
  number={3},
  pages={305--351},
  year={1981}
}

@article{atiyah1978self,
  title={Self-duality in four-dimensional Riemannian geometry},
  author={Atiyah, Michael Francis and Hitchin, Nigel James and Singer, Isadore M},
  journal={Proceedings of the Royal Society of London. A. Mathematical and Physical Sciences},
  volume={362},
  number={1711},
  pages={425--461},
  year={1978},
  publisher={The Royal Society London}
}

@article{aryapoor2012penrose,
  title={The Penrose transform in split signature},
  author={Aryapoor, Masood},
  journal={Differential Geometry and its Applications},
  volume={30},
  number={4},
  pages={334--346},
  year={2012},
  publisher={Elsevier}
}

@article{sparling1977dynamically,
  title={Dynamically broken symmetry and global Yang-Mills in Minkowski space},
  author={Sparling, GAJ},
  journal={Further Advances in Twistor Theory},
  volume={1},
  pages={171--178},
  year={1977},
  publisher={Longman Scientific and Technical}
}

@article{ward1977self,
  title={On self-dual gauge fields},
  author={Ward, Richard S},
  journal={Physics Letters A},
  volume={61},
  number={2},
  pages={81--82},
  year={1977},
  publisher={Elsevier}
}

@article{britto2005direct,
  title={Direct proof of the tree-level scattering amplitude recursion relation in Yang-Mills theory},
  author={Britto, Ruth and Cachazo, Freddy and Feng, Bo and Witten, Edward},
  journal={Physical review letters},
  volume={94},
  number={18},
  pages={181602},
  year={2005},
  publisher={APS}
}
  
@incollection{dixon2016brief,
  title={A brief introduction to modern amplitude methods},
  author={Dixon, Lance J},
  booktitle={Journeys Through the Precision Frontier: Amplitudes for Colliders: TASI 2014 Proceedings of the 2014 Theoretical Advanced Study Institute in Elementary Particle Physics},
  pages={39--97},
  year={2016},
  publisher={World Scientific}
}

@article{elvang2013scattering,
  title={Scattering amplitudes},
  author={Elvang, Henriette and Huang, Yu-tin},
  journal={arXiv preprint arXiv:1308.1697},
  year={2013}
}

@book{griffiths2020introduction,
  title={Introduction to elementary particles},
  author={Griffiths, David},
  year={2020},
  publisher={John Wiley \& Sons}
}

@article{nair1988current,
  title={A current algebra for some gauge theory amplitudes},
  author={Nair, V Parameswaran},
  journal={Physics Letters B},
  volume={214},
  number={2},
  pages={215--218},
  year={1988},
  publisher={Elsevier}
}
@article{witten2004perturbative,
  title={Perturbative gauge theory as a string theory in twistor space},
  author={Witten, Edward},
  journal={Communications in Mathematical Physics},
  volume={252},
  pages={189--258},
  year={2004},
  publisher={Springer}
}

@article{roiban2004tree,
  title={Tree-level S matrix of Yang-Mills theory},
  author={Roiban, Radu and Spradlin, Marcus and Volovich, Anastasia},
  journal={Physical Review D},
  volume={70},
  number={2},
  pages={026009},
  year={2004},
  publisher={APS}
}

@article{schafer1998instantons,
  title={Instantons in QCD},
  author={Sch{\"a}fer, Thomas and Shuryak, Edward V},
  journal={Reviews of Modern Physics},
  volume={70},
  number={2},
  pages={323},
  year={1998},
  publisher={APS}
}

@book{demailly1997complex,
  title={Complex analytic and differential geometry},
  author={Demailly, Jean-Pierre},
  year={1997},
  publisher={Citeseer}
}

@article{mason2012conformal,
  title={Conformal field theories in six-dimensional twistor space},
  author={Mason, LJ and Reid-Edwards, RA},
  journal={Journal of Geometry and Physics},
  volume={62},
  number={12},
  pages={2353--2375},
  year={2012},
  publisher={Elsevier}
}

@article{geyer2014ambitwistor,
  title={Ambitwistor strings in four dimensions},
  author={Geyer, Yvonne and Lipstein, Arthur E and Mason, Lionel},
  journal={Physical review letters},
  volume={113},
  number={8},
  pages={081602},
  year={2014},
  publisher={APS}
}
